@article{DBLP:journals/corr/CanzianiPC16,
  author    = {Alfredo Canziani and
               Adam Paszke and
               Eugenio Culurciello},
  title     = {An Analysis of Deep Neural Network Models for Practical Applications},
  journal   = {CoRR},
  volume    = {abs/1605.07678},
  year      = {2016},
  url       = {http://arxiv.org/abs/1605.07678},
  archivePrefix = {arXiv},
  eprint    = {1605.07678},
  timestamp = {Wed, 07 Jun 2017 14:42:20 +0200},
  biburl    = {https://dblp.org/rec/bib/journals/corr/CanzianiPC16},
  bibsource = {dblp computer science bibliography, https://dblp.org}
}

@article{DBLP:report/Jason16,
  author    = {Jason Wang and
               Luis Perez},
  title     = {The Effectiveness of Data Augmentation in Image Classification using Deep
Learning},
  type      = {Technical report},
  year      = {2017},
  publisher = {Stanford University},
  url       = {http://cs231n.stanford.edu/reports/2017/pdfs/300.pdf},
}

@misc{udacity:supplied_data,
  author = {Udacity},
  title = {Practicing with the DIGITS Workflow - The Data},
  year = {2018},
  note = {Last accessed 3 May 2018},
  url = {https://classroom.udacity.com/nanodegrees/nd209/parts/dad7b7cc-9cce-4be4-876e-30935216c8fa/modules/4899a747-7c0d-4f40-9ab8-4f2eaf27a810/lessons/94be81d0-3186-4a4d-81a7-bd868a75da59/concepts/c6d7e29d-e5ce-4d53-8df3-aff5750c13e0#}
}